
@misc{AvLiWoXi23,
	author = {Benjamin Avanzi and Yanfeng Li and Bernard Wong and Alan Xian},
	title = {Ensemble distributional forecasting for insurance loss reserving},
	year = {2023}}

@article{BoFe72,
	author = {Bornhuetter, R. and Ferguson, R.},
	journal = {Proceedings of The Casualty Actuarial Society},
	pages = {181-195},
	title = {The Actuary and \textsc{IBNR}},
	volume = {59},
	year = {1972}}
	
	
@book{Tay00,
	author = {Taylor, Greg},
	publisher = {Kluwer Academic Publishers},
	series = {Huebner International Series on Risk, Insurance and Economic Security},
	title = {Loss Reserving: An Actuarial Perspective},
	year = {2000}}